@article{谢启鸿2015,
  author  = {谢启鸿},
  journal = {大学数学},
  title   = {高等代数中若干概念在基域扩张下的不变性},
  year    = {2015},
  number  = {6},
  pages   = {50--55},
  volume  = {31},
}

@book{Shafarevich1994,
  author    = {Shafarevich, Igor Rostislavovich and Reid, Miles},
  publisher = {Springer},
  title     = {Basic algebraic geometry},
  year      = {1994},
  volume    = {2},
}

@book{蒋尔雄1978,
  author    = {蒋尔雄 and 高坤敏 and 吴景琨},
  publisher = {人民教育出版社},
  address   = {上海},
  title     = {线性代数},
  year      = {1978},
}

@misc{torsor3,
  author       = {torsor},
  title        = {白皮书第三版勘误表},
  year         = {2015},
  howpublished = {\url{https://www.cnblogs.com/torsor/p/4928294.html}},
}

@misc{torsor4,
  author       = {torsor},
  title        = {白皮书第四版勘误表},
  year         = {2023},
  howpublished = {\url{https://www.cnblogs.com/torsor/p/17473075.html}},
}

@Comment{jabref-meta: databaseType:bibtex;}
